<record><leader>00000nas a2200000 i 4500</leader><controlfield tag="001">939555555</controlfield><controlfield tag="006">m     o  d        </controlfield><controlfield tag="007">cr |||||||||||</controlfield><controlfield tag="008">160217d18851920oruwr neo     0   a0eng  </controlfield><datafield ind1=" " ind2=" " tag="010"><subfield code="a">  2015270870</subfield></datafield><datafield ind1=" " ind2=" " tag="040"><subfield code="a">DLC</subfield><subfield code="b">eng</subfield><subfield code="e">rda</subfield><subfield code="c">DLC</subfield></datafield><datafield ind1="0" ind2=" " tag="022"><subfield code="a">2470-9034</subfield><subfield code="2">1</subfield></datafield><datafield ind1=" " ind2=" " tag="042"><subfield code="a">pcc</subfield><subfield code="a">nsdp</subfield></datafield><datafield ind1=" " ind2=" " tag="043"><subfield code="a">n-us-or</subfield></datafield><datafield ind1="1" ind2="0" tag="050"><subfield code="a">ISSN RECORD</subfield></datafield><datafield ind1="1" ind2="0" tag="082"><subfield code="a">071</subfield><subfield code="2">23</subfield></datafield><datafield ind1="0" ind2=" " tag="130"><subfield code="a">Roseburg review (Roseburg, Or.)</subfield></datafield><datafield ind1=" " ind2="0" tag="222"><subfield code="a">Roseburg review</subfield><subfield code="b">(Roseburg, Or. Online)</subfield></datafield><datafield ind1="1" ind2="0" tag="245"><subfield code="a">Roseburg review.</subfield></datafield><datafield ind1="1" ind2="3" tag="246"><subfield code="a">Review</subfield></datafield><datafield ind1=" " ind2="1" tag="264"><subfield code="a">Roseburg, Oregon :</subfield><subfield code="b">J. R. N. Bell,</subfield><subfield code="c">1885-</subfield></datafield><datafield ind1=" " ind2=" " tag="300"><subfield code="a">1 online resource</subfield></datafield><datafield ind1=" " ind2=" " tag="310"><subfield code="a">Weekly,</subfield><subfield code="b">July 12, 1917-</subfield></datafield><datafield ind1=" " ind2=" " tag="321"><subfield code="a">Weekly,</subfield><subfield code="b">Jan. 24, 1885-&lt;Sep. 19, 1889&gt;</subfield></datafield><datafield ind1=" " ind2=" " tag="321"><subfield code="a">Semiweekly,</subfield><subfield code="b">&lt;July 31, 1893&gt;-July 5, 1917</subfield></datafield><datafield ind1=" " ind2=" " tag="336"><subfield code="a">text</subfield><subfield code="b">txt</subfield><subfield code="2">rdacontent</subfield></datafield><datafield ind1=" " ind2=" " tag="337"><subfield code="a">computer</subfield><subfield code="b">c</subfield><subfield code="2">rdamedia</subfield></datafield><datafield ind1=" " ind2=" " tag="338"><subfield code="a">online resource</subfield><subfield code="b">cr</subfield><subfield code="2">rdacarrier</subfield></datafield><datafield ind1="1" ind2=" " tag="362"><subfield code="a">Began with vol. IX, no. 42 (January 24, 1885); ceased April 1, 1920.</subfield></datafield><datafield ind1=" " ind2=" " tag="500"><subfield code="a">Publisher: The Review Publishing Co., &lt;March 4-September 19, 1889&gt;.</subfield></datafield><datafield ind1=" " ind2=" " tag="580"><subfield code="a">Daily ed.: Daily Roseburg review, &lt;-Aug. 2, 1901&gt;; Evening Roseburg review, &lt;Jan. 3, 1902-Dec. 19, 1905&gt;; Roseburg review (Roseburg, Or. : Daily), &lt;Oct. 18, 1906&gt;-Mar. 31, 1920.</subfield></datafield><datafield ind1=" " ind2=" " tag="580"><subfield code="a">Merged with: Umpqua Valley news; to form: Roseburg news-review (Roseburg, Or. : Weekly).</subfield></datafield><datafield ind1=" " ind2=" " tag="588"><subfield code="a">Description based on: Vol. IX, no. 42 (January 24, 1885); title from masthead (Chroniclingamerica.loc.gov, viewed February 17, 2016).</subfield></datafield><datafield ind1=" " ind2=" " tag="588"><subfield code="a">Latest issue consulted: Vol. XIV, no. 23 (September 19, 1889) (Chroniclingamerica.loc.gov, viewed February 17, 2016).</subfield></datafield><datafield ind1=" " ind2="0" tag="651"><subfield code="a">Roseburg (Or.)</subfield><subfield code="v">Newspapers.</subfield></datafield><datafield ind1=" " ind2="7" tag="651"><subfield code="a">Oregon</subfield><subfield code="z">Roseburg.</subfield><subfield code="2">fast</subfield><subfield code="0">(OCoLC)fst01218087</subfield></datafield><datafield ind1=" " ind2="7" tag="655"><subfield code="a">Newspapers.</subfield><subfield code="2">fast</subfield><subfield code="0">(OCoLC)fst01423814</subfield></datafield><datafield ind1=" " ind2=" " tag="752"><subfield code="a">United States</subfield><subfield code="b">Oregon</subfield><subfield code="c">Douglas</subfield><subfield code="d">Roseburg.</subfield></datafield><datafield ind1="1" ind2=" " tag="775"><subfield code="t">Daily Roseburg review</subfield></datafield><datafield ind1="1" ind2=" " tag="775"><subfield code="t">Evening Roseburg review</subfield></datafield><datafield ind1="1" ind2=" " tag="775"><subfield code="t">Roseburg review (Roseburg, Or. : Daily)</subfield></datafield><datafield ind1="0" ind2="8" tag="776"><subfield code="i">Originally issued in print:</subfield><subfield code="t">Roseburg review (Roseburg, Or.)</subfield><subfield code="x">2470-9026</subfield><subfield code="w">(DLC)sn 93051663</subfield><subfield code="w">(OCoLC)30326645</subfield></datafield><datafield ind1="0" ind2="0" tag="780"><subfield code="t">Douglas independent</subfield></datafield><datafield ind1="1" ind2="7" tag="785"><subfield code="t">Umpqua Valley news</subfield></datafield><datafield ind1="1" ind2="7" tag="785"><subfield code="t">Roseburg news-review (Roseburg, Or. : Weekly)</subfield></datafield><datafield ind1="4" ind2="0" tag="856"><subfield code="u">http://www.loc.gov/chroniclingamerica/lccn/sn93051663/issues</subfield></datafield></record>